@book{CMbook,
	title={Classical Dynamics of Particles and Systems},
	author={Thornton, S.T. and Marion, J.B.},
	isbn={9780534408961},
	edition   = 5,
	lccn={2003105243},
	url={https://books.google.co.kr/books?id=HOqLQgAACAAJ},
	year={2004},
	publisher={Brooks/Cole}
}

@misc{Bdiagram,
	title = {Bifurcation diagram [Online]},
	note  = {\url{https://en.wikipedia.org/wiki/Bifurcation_diagram} [accessed: 2020.11.3]}
}
